<record><leader>00000cas a22000001a 4500</leader><controlfield tag="001">32807905</controlfield><controlfield tag="007">hd afu---baca</controlfield><controlfield tag="007">hd bfu---baaa</controlfield><controlfield tag="008">950712u1907uuuunyuwr nea     0    0eng c</controlfield><datafield ind1=" " ind2=" " tag="010"><subfield code="a">sn 94093162 </subfield></datafield><datafield ind1=" " ind2=" " tag="040"><subfield code="a">NN</subfield><subfield code="b">eng</subfield><subfield code="c">RQM</subfield><subfield code="d">OCLCQ</subfield></datafield><datafield ind1=" " ind2=" " tag="012"><subfield code="i">9507</subfield></datafield><datafield ind1=" " ind2=" " tag="042"><subfield code="a">pcc</subfield></datafield><datafield ind1="0" ind2="0" tag="245"><subfield code="a">Coler's bulletin</subfield><subfield code="h">[microform].</subfield></datafield><datafield ind1=" " ind2=" " tag="260"><subfield code="a">Brooklyn, N.Y. :</subfield><subfield code="b">Bird S. Coler, Charles Frederick Adams, John A. Heffernan,</subfield><subfield code="c">1907-</subfield></datafield><datafield ind1=" " ind2=" " tag="300"><subfield code="a">v.</subfield></datafield><datafield ind1=" " ind2=" " tag="310"><subfield code="a">Weekly</subfield></datafield><datafield ind1="0" ind2=" " tag="362"><subfield code="a">Vol. 1, no. 2 (June 29, 1907)-</subfield></datafield><datafield ind1=" " ind2=" " tag="500"><subfield code="a">"For our home, first, last and all the time."</subfield></datafield><datafield ind1=" " ind2=" " tag="500"><subfield code="a">Subtitle varies.</subfield></datafield><datafield ind1=" " ind2=" " tag="500"><subfield code="a">Published by: Coler's Bulletin, Inc., Nov. 23, 1907-&lt;Nov. 30, 1909&gt;.</subfield></datafield><datafield ind1=" " ind2=" " tag="533"><subfield code="a">Microfilm.</subfield><subfield code="m">June 29,1907-Nov. 6,1909.</subfield><subfield code="b">New York :</subfield><subfield code="c">New York Public Library,</subfield><subfield code="d">[19--].</subfield><subfield code="e">microfilm reels ; 35 mm.</subfield></datafield><datafield ind1=" " ind2="4" tag="651"><subfield code="a">Brooklyn (New York, N.Y.)</subfield><subfield code="v">Newspapers.</subfield></datafield><datafield ind1=" " ind2=" " tag="752"><subfield code="a">United States</subfield><subfield code="b">New York</subfield><subfield code="c">Kings</subfield><subfield code="d">Brooklyn.</subfield></datafield><datafield ind1="1" ind2=" " tag="776"><subfield code="c">Original</subfield><subfield code="w">(DLC)sn 92060586</subfield></datafield><datafield ind1="0" ind2="0" tag="780"><subfield code="t">Coler's bulletin and Brooklyn record</subfield><subfield code="w">(DLC)sn 94093161</subfield></datafield><datafield ind1=" " ind2=" " tag="850"><subfield code="a">NN</subfield><subfield code="a">NN (master)</subfield></datafield><datafield ind1="1" ind2=" " tag="029"><subfield code="a">AU@</subfield><subfield code="b">000011871491</subfield></datafield></record>